@misc{sec2005,
  title={Securities and Exchange Commission Final Rule, Release No. 33–8591 (FR-75)},
  year={2005},
  howpublished={\url{http://sec.gov/rules/final/33-8591.pdf}}
}

@misc{secinvestor2011,
  title={Investor Bulletin: How to Read a 10-K},
  author={SEC Investor Assistance},
  year={2011},
  howpublished={\url{https://www.investor.gov/DocumentRoot/Documents/HowtoReada10K.pdf}}
}

@book{wattszimmerman1986,
  title={Positive accounting theory},
  author={Watts, R. and Zimmerman, J.},
  year={1986},
  publisher={Prentice Hall},
  address={Englewood Cliffs, NJ}
}

@article{scott1994,
  title={Incentives and disincentives for financial disclosure: Voluntary disclosure of defined benefit pension plan information by Canadian Firms},
  author={Scott, T.},
  journal={The Accounting Review},
  volume={69},
  pages={26--43},
  year={1994}
}

@article{fieldsetal2001,
  title={Empirical research on accounting choice},
  author={Fields, T. and Lys, T. and Vincent, L.},
  journal={Journal of Accounting and Economics},
  volume={31},
  pages={255--307},
  year={2001}
}

@article{kotharietal2009a,
  title={The effect of disclosures by management, analysts, and business press on cost of capital, return volatility, and analyst forecasts: a study using content analysis},
  author={Kothari, S. P. and Li, X. and Short, J.},
  journal={The Accounting Review},
  volume={84},
  pages={1639--1670},
  year={2009}
}

@article{kotharietal2009b,
  title={Do managers withhold bad news?},
  author={Kothari, S. P. and Shu, S. and Wysocki, P.},
  journal={Journal of Accounting Research},
  volume={47},
  pages={241--276},
  year={2009}
}

@misc{chang2019,
  title={Risk Factor Disclosures and CEO Overconfidence},
  author={Chang, S.},
  year={2019},
  howpublished={College of Business Administration Seoul National University}
}

@misc{reuters2005,
  title={`Refco risks boiler-plate disclosure.' By Scott Malone},
  author={Reuters},
  year={2005},
  howpublished={\url{http://w4.stern.nyu.edu/news/news.cfm?doc_id=5094}}
}

@misc{sec2010,
  title={Form 10-K Instructions},
  author={SEC},
  year={2010},
  howpublished={\url{http://www.sec.gov/about/forms/form10-k.pdf}}
}

@misc{cfo2010,
  title={SEC pushes companies for more risk information},
  author={CFO Magazine},
  year={2010},
  howpublished={August 2, 2010}
}

@misc{kingsleyetal2021,
  title={SEC Risk Factor Disclosure Rules},
  author={Kingsley, D. and Solomon, M. and Jaconi, K.},
  year={2021},
  howpublished={\url{https://corpgov.law.harvard.edu/2021/12/22/sec-risk-factor-disclosure-rules/}}
}

@misc{peirce2023,
  title={SEC Harming Investors and Helping Hackers: Statement on Cybersecurity Risk Management, Strategy, Governance, and Incident Disclosure},
  author={Peirce, H. M.},
  year={2023}
}

@article{campbelletal2014a,
  title={The information content of mandatory risk factor disclosures in corporate filings},
  author={Campbell, J. L. and Chen, H. and Dhaliwal, D.S. and Lu, H. and Steele, L.B.},
  journal={Review of Accounting Studies},
  volume={19},
  number={1},
  pages={396--455},
  year={2014}
}

@article{campbelletal2014b,
  title={Tax-related mandatory risk factor disclosures, future profitability, and stock returns},
  author={Campbell, J. L. and Chen, H. and Dhaliwal, D. S. and Lu, H. and Logan, B. S.},
  journal={Review of Accounting Studies},
  volume={19},
  number={1},
  pages={396--455},
  doi={10.1007/s111
}

@unpublished{israelsen2014,
  author       = {Israelsen, R.D.},
  title        = {Tell it like it is: disclosed risks and factor portfolios},
  note         = {Working paper},
  year         = {2014},
  institution  = {Indiana University}
}

@article{hopeetal2016,
  author       = {Hope, O. and Hu, D. and Lu, H.},
  title        = {The benefits of specific risk-factor disclosures},
  journal      = {Review of Accounting Studies},
  year         = {2016},
  note         = {forthcoming}
}

@article{kravetmuslu2013,
  author       = {Kravet, T. and Muslu, V.},
  title        = {Textual risk disclosures and investors’ risk perceptions},
  journal      = {Review of Accounting Studies},
  volume       = {18},
  number       = {4},
  pages        = {1088--1122},
  year         = {2013}
}

@inproceedings{songetal2020,
  author       = {Song, V. and Cavusoglu, H. and Lee, G. M. and Ma, M. L. Z.},
  title        = {IT Risk Factor Disclosure and Stock Price Crashes},
  booktitle    = {Proceedings of the 53rd Hawaii International Conference on System Sciences},
  year         = {2020}
}

@unpublished{dyeretal2016,
  author       = {Dyer, T. and Lang, M. and Stice-Lawrence, L.},
  title        = {The ever-expanding 10-K: why are 10-Ks getting so much longer (and does it matter)?},
  note         = {Working paper},
  year         = {2016},
  institution  = {University of North Carolina, Chapel Hill}
}

@unpublished{beattychengzhang2015,
  author       = {Beatty, A. and Cheng, L. and Zhang, H.},
  title        = {Sometimes less is more: evidence from financial constraints risk factor disclosures},
  note         = {Working paper},
  year         = {2015},
  institution  = {The Ohio State University}
}

@unpublished{baileyfilzen2016,
  author       = {Bailey, C. and Filzen, J.J.},
  title        = {How does expertise impact risk factor disclosure?},
  note         = {Working paper},
  year         = {2016},
  institution  = {University of New Hampshire, Boise State University}
}

@unpublished{filzenmcbrayershannon2016,
  author       = {Filzen, Joshua J. and McBrayer, Garret A. and Shannon, Kyle},
  title        = {Risk Factor Disclosures: Do Managers and Markets Speak the Same Language},
  year         = {2016}
}

@misc{wang2016financial,
  author       = {Wang, Chuan-Ju and Tsai, Ming-Feng and Liu, Tse and Chang, Chin-Ting},
  title        = {Financial Sentiment Analysis for Risk Prediction},
  organization = {Department of Computer Science \& Program in Digital Content and Technology, National Chengchi University},
  address      = {Taipei 116, Taiwan},
  email        = {mftsai, g10120@cs.nccu.edu.tw},
  year         = {2016}
}

@article{ke2020predicting,
  title={Predicting Returns with Text Data},
  author={Ke, Zheng and Kelly, Bryan T. and Xiu, Dacheng},
  journal={University of Chicago, Becker Friedman Institute for Economics Working Paper},
  number={2019-69},
  year={2020},
  month={September},
  note={Yale ICF Working Paper No. 2019-10, Chicago Booth Research Paper No. 20-37},
  url={https://ssrn.com/abstract=3389884},
  doi={10.2139/ssrn.3389884}
}

@misc{sec2010k,
  title={Form 10-K},
  author={{Securities and Exchange Commission}},
  howpublished={\url{https://www.sec.gov/files/form10-k.pdf}},
  note={Annual Report Pursuant to Section 13 or 15(d) of The Securities Exchange Act of 1934, MB Number: 3235-0063, Expires: December 31, 2026, Estimated average burden hours per response: 2,249.36},
  year={2024}
}

@misc{wiki10k,
  title={Form 10-K},
  author = {Wiki},
  howpublished={\url{https://en.wikipedia.org/wiki/Form_10-K}},
  note={Wikipedia page},
  year={2024}
}

@misc{Hering2016,
  author = {Jörg Hering},
  title = {The Annual Report Algorithm: Retrieval of Financial Statements and Extraction of Textual Information},
  howpublished = {Friedrich-Alexander-Universität Erlangen-Nürnberg},
  address = {Lange Gasse 20, 90403 Nuremberg, Germany},
  year = {2016},
  month = {11},
  note = {First Version: October 4, 2016. Current Version: November 28, 2016},
  email = {joerg.hering@fau.de},
  phone = {+49 911 5302 341}
}

@thesis{Sha2023,
  author = {Jun Sha},
  title = {A Data Pipeline Framework for Automated Extraction of Risk Factors from SEC-10K Filings},
  school = {University of Edinburgh},
  year = {2023},
  type = {Master's thesis},
  address = {School of Informatics}
}

@misc{borovkova2017sector,
  title={Sector News Sentiment Indices},
  author={Borovkova, Svetlana and Lammers, Philipp},
  year={2017},
  howpublished={Available at SSRN 3080318}
}

@book{durbin2012time,
  title={Time series analysis by state space methods},
  author={Durbin, James and Koopman, Siem Jan},
  volume={38},
  year={2012},
  publisher={OUP Oxford}
}

@article{patton2011volatility,
  title={Volatility forecast comparison using imperfect volatility proxies},
  author={Patton, Andrew J.},
  journal={Journal of Econometrics},
  volume={160},
  number={1},
  pages={246--256},
  year={2011},
  publisher={Elsevier}
}

@article{alizadeh2002range,
  title={Range-based estimation of stochastic volatility models},
  author={Alizadeh, Sassan and Brandt, Michael W. and Diebold, Francis X.},
  journal={The Journal of Finance},
  volume={57},
  number={3},
  pages={1047--1091},
  year={2002},
  publisher={Wiley Online Library}
}

@article{corsi2009simple,
  title={A simple approximate long-memory model of realized volatility},
  author={Corsi, Fulvio},
  journal={Journal of Financial Econometrics},
  volume={7},
  number={2},
  pages={174--196},
  year={2009},
  publisher={Oxford University Press}
}

@article{Garcia2013,
  title={Sentiment during recessions},
  author={Garcia, Diego},
  journal={The Journal of Finance},
  volume={68},
  number={3},
  pages={1267--1300},
  year={2013},
  publisher={Wiley Online Library}
}

@article{LoughranMcDonald2011,
  title={When is a liability not a liability? Textual analysis, dictionaries, and 10-Ks},
  author={Loughran, Tim and McDonald, Bill},
  journal={The Journal of Finance},
  volume={66},
  number={1},
  pages={35--65},
  year={2011},
  publisher={Wiley Online Library}
}

@misc{InvescoQQQ,
  title = {About Invesco QQQ ETF},
  author = {Invesco 2023},
    
  publisher = {\url{https://www.invesco.com/qqq-etf/en/about.html}},
  note = {Accessed: 2024-03-21}
}

@misc{AnalyticsVidhya2022,
  author = {{Analytics Vidhya}},
  title = {Stemming vs Lemmatization in NLP: Must Know Differences},
  year = {2022},
  publisher = {\url{https://www.analyticsvidhya.com/blog/2022/06/stemming-vs-lemmatization-in-nlp-must-know-differences/}},
  note = {Accessed: 22-03-2024}
}

@article{Schober2018Correlation,
  author = {Schober, Patrick and Boer, Christa and Schwarte, Lothar A.},
  title = {Correlation Coefficients: Appropriate Use and Interpretation},
  journal = {Anesthesia \& Analgesia},
  volume = {126},
  number = {5},
  pages = {1763--1768},
  month = {May},
  year = {2018},
  doi = {10.1213/ANE.0000000000002864}
}

@misc{SciPyNormaltest,
  title = {SciPy Stats Normaltest},
  howpublished = {SciPy Documentation},
  year = {2024}, % The year of access - replace with the current year
  note = {Online; accessed 24-March-2024},
  url = {https://docs.scipy.org/doc/scipy/reference/generated/scipy.stats.normaltest.html}
}


@misc{SciPyPearson,
  title = {SciPy Stats Pearson},
  howpublished = {SciPy Documentation},
  year = {2024}, % The year of access - replace with the current year
  note = {Online; accessed 24-March-2024},
  url = {https://docs.scipy.org/doc/scipy/reference/generated/scipy.stats.pearsonr.html#r8c6348c62346-3}
}

@article{Kowalski1972Effects,
  author = {Kowalski, C. J.},
  title = {On the Effects of Non-Normality on the Distribution of the Sample Product-Moment Correlation Coefficient},
  journal = {Journal of the Royal Statistical Society. Series C (Applied Statistics)},
  volume = {21},
  number = {1},
  pages = {1--12},
  year = {1972}
}

@article{Benjamin2017Redefine,
  author    = {Benjamin, D. J. and Berger, J. and Johannesson, M. and Nosek, B. A. and Wagenmakers, E. and Berk, R. and others},
  title     = {Redefine statistical significance},
  year      = {2017},
  month     = {Jul},
  day       = {22},
  doi       = {10.31234/osf.io/mky9j},
  note      = {\url{https://doi.org/10.31234/osf.io/mky9j}}
}

@misc{NCLHypothesisTesting,
  title = {Critical Region and Confidence Interval},
  howpublished = {\url{https://www.ncl.ac.uk/webtemplate/ask-assets/external/maths-resources/statistics/hypothesis-testing/critical-region-and-confidence-interval.html}},
  note = {Accessed: 24-03-2024},
  author = {{Newcastle University}},
  year = {2024}
}

@misc{WikipediaPearson2024,
  author = {{Wikipedia}},
  title = {Pearson correlation coefficient --- {Wikipedia}{,} The Free Encyclopedia},
  year = {2024},
  url = {https://en.wikipedia.org/wiki/Pearson_correlation_coefficient},
  note = {[Online; accessed 24-March-2024]}
}

@misc{PearsonCorrelationAssumptions2023,
  author = {{Statistics Solutions}},
  title = {Pearson Correlation Assumptions},
  year = {2023},
  url = {https://www.statisticssolutions.com/pearson-correlation-assumptions/},
  note = {Accessed: 24-March-2024}
}

@online{MinitabBlog2014,
  author  = {Minitab Blog Editor},
  title   = {How to Correctly Interpret P Values},
  year    = {2014},
  url     = {https://blog.minitab.com/en/adventures-in-statistics-2/how-to-correctly-interpret-p-values},
  urldate = {2024-03-25},
  note    = {Topics: Hypothesis Testing},
}

@online{FrostPValues,
  author  = {Jim Frost},
  title   = {Why Are P Values Misinterpreted So Frequently?},
  year    = {2014},
  url     = {https://statisticsbyjim.com/hypothesis-testing/p-values-misinterpreted/},
  urldate = {2024-03-25},
}

@misc{ASAStatement2016,
  author       = {American Statistical Association},
  title        = {American Statistical Association Releases Statement on Statistical Significance and P-Values},
  year         = {2016},
  url          = {https://www.amstat.org/asa/files/pdfs/P-ValueStatement.pdf},
  note         = {For more information: Ron Wasserstein, ron@amstat.org},
}

@online{Park2016,
  author  = {Jangsi Park},
  title   = {Don't Be Overwhelmed by P-value},
  year    = {2016},
  url     = {https://boxnwhis.kr/2016/04/15/dont_be_overwhelmed_by_pvalue.html},
  urldate = {2024-03-25},
}

@online{NCLCorrelation,
  title   = {Strength of Correlation},
  url     = {https://www.ncl.ac.uk/webtemplate/ask-assets/external/maths-resources/statistics/regression-and-correlation/strength-of-correlation.html},
  urldate = {2024-03-25},
}

@article{Filzen2015,
  author    = {Joshua J. Filzen},
  title     = {The Information Content of Risk Factor Disclosures in Quarterly Reports},
  journal   = {Accounting Horizons},
  volume    = {29},
  number    = {4},
  pages     = {887--916},
  year      = {2015},
  doi       = {10.2308/acch-51175},
  url       = {https://doi.org/10.2308/acch-51175},
  month     = {Dec},
}

@article{Sunder2021,
  title={How did the U.S. stock market recover from the Covid-19 contagion?},
  author={Sunder, S.},
  journal={Mind Soc},
  volume={20},
  pages={261--263},
  year={2021},
  publisher={Springer},
  doi={10.1007/s11299-020-00238-0},
  url={https://doi.org/10.1007/s11299-020-00238-0}
}

@article{Seven2021,
  title={World equity markets and COVID-19: Immediate response and recovery prospects},
  author={Seven, {\"U}nal and Yılmaz, Fatih},
  journal={Research in International Business and Finance},
  volume={56},
  pages={101349},
  year={2021},
  publisher={Elsevier},
  doi={10.1016/j.ribaf.2020.101349},
  url={https://www.sciencedirect.com/science/article/pii/S0275531920309570},
  issn={0275-5319}
}

@techreport{Gourinchas2021,
  title={Fiscal Policy in the Age of COVID: Does it ‘Get in all of the Cracks?’},
  author={Gourinchas, Pierre-Olivier and Kalemli-Özcan, Ṣebnem and Penciakova, Veronika and Sander, Nick},
  institution={National Bureau of Economic Research},
  type={Working Paper},
  series={Working Paper Series},
  number={29293},
  year={2021},
  month={September},
  doi={10.3386/w29293},
  url={http://www.nber.org/papers/w29293}
}

@misc{Luck2019,
  title={Ten Years Later—Did QE Work?},
  author={Luck, Stephan and Zimmermann, Thomas},
  year={2019},
  month={May},
  url={https://libertystreeteconomics.newyorkfed.org/2019/05/ten-years-laterdid-qe-work/}
}

@misc{Stein2012,
  title={Evaluating Large-Scale Asset Purchases},
  author={Stein, Jeremy C.},
  year={2012},
  month={October},
  url={https://www.federalreserve.gov/newsevents/speech/stein20121011a.htm}
}

@article{Gilchrist2013,
  title={The Impact of the Federal Reserve’s Large-Scale Asset Purchase Programs on Corporate Credit Risk},
  author={Gilchrist, S. and Zakraj{\v{s}}ek, E.},
  journal={Journal of Money, Credit and Banking},
  volume={45},
  pages={29--57},
  year={2013},
  publisher={Wiley}
}

@techreport{Gagnon2010,
  title={Large-Scale Asset Purchases by the Federal Reserve: Did They Work?},
  author={Gagnon, Joseph and Raskin, Matthew and Remache, Julie and Sack, Brian},
  institution={Federal Reserve Bank of New York},
  type={Staff Report},
  number={441},
  year={2010},
  month={March}
}


@article{Curdia2013,
author = {Cúrdia, Vasco},
year = {2013},
month = {08},
pages = {},
title = {How Stimulatory Are Large-Scale Asset Purchases?},
journal = {FRBSF Economic Letter}
}

@techreport{Chen2011,
  title={The Macroeconomic Effects of Large-Scale Asset Purchase Programs},
  author={Chen, Han and C{\'u}rdia, Vasco and Ferrero, Andrea},
  institution={Federal Reserve Bank of New York},
  type={Staff Report},
  number={527},
  year={2011},
  month={December}
}

@article{Wang2019,
  title={The Effects of Quantitative Easing Announcements on the Mortgage Market: An Event Study Approach},
  author={Wang, G.},
  journal={International Journal of Financial Studies},
  volume={7},
  number={1},
  pages={9},
  year={2019},
  doi={10.3390/ijfs7010009},
  url={https://doi.org/10.3390/ijfs7010009}
}

@online{chan2023global,
  author = {Luke Chan and Nicolás Devia-Valbuena},
  title = {In the Global Rush for Lithium, Bolivia is at a Crossroads},
  year = {2023},
  month = dec,
  day = {12},
  url = {https://www.usip.org/publications/2023/12/global-rush-lithium-bolivia-crossroads},
  note = {Accessed: 2024-03-26}
}

@article{koijen2016financial,
  title={Financial Health Economics},
  author={Koijen, Ralph S.J. and Philipson, Tomas J. and Uhlig, Harald},
  journal={Econometrica},
  volume={84},
  pages={195--242},
  year={2016},
  doi={10.3982/ECTA11182}
}

@online{kastrenakes2017google,
  author = {Jacob Kastrenakes},
  title = {Google’s Project Tango is shutting down because ARCore is already here},
  year = {2017},
  month = dec,
  day = {15},
  url = {https://www.theverge.com/2017/12/15/16782556/project-tango-google-shutting-down-arcore-augmented-reality},
  note = {Accessed: 2024-03-26}
}

@online{donfro2017google,
  author = {Jillian D’Onfro},
  title = {Google is going to shut down its once-hyped augmented reality project, Tango},
  year = {2017},
  month = dec,
  day = {15},
  url = {https://www.cnbc.com/2017/12/15/google-kills-project-tango-ar-project.html},
  journal = {CNBC},
  note = {Accessed: 2024-03-26}
}

@misc{leswing2023nvidia,
  title={Meet the \$10,000 Nvidia chip powering the race for A.I.},
  author={Leswing, Kif},
  howpublished={\url{https://www.cnbc.com/2023/02/23/nvidias-a100-is-the-10000-chip-powering-the-race-for-ai-.html}},
  year={2023},
  note={Accessed: 2024-03-27}
}

@inproceedings{prakash2016improving,
  author = {Prakash, Alok and Amrouch, Hussam and Shafique, Muhammad and Mitra, Tulika and Henkel, J\"{o}rg},
  title = {Improving mobile gaming performance through cooperative CPU-GPU thermal management},
  year = {2016},
  isbn = {9781450342360},
  publisher = {Association for Computing Machinery},
  address = {New York, NY, USA},
  url = {https://doi.org/10.1145/2897937.2898031},
  doi = {10.1145/2897937.2898031},
  booktitle = {Proceedings of the 53rd Annual Design Automation Conference},
  articleno = {47},
  numpages = {6},
  location = {Austin, Texas},
  series = {DAC '16}
}

@misc{nvidia2023supplychain,
  auther={NVIDIA},
  title={NVIDIA Industries: Retail - Supply Chain Management},
  year={2024},
  howpublished={\url{https://www.nvidia.com/en-gb/industries/retail/supply-chain-management/}},
  note={Accessed: 2024-03-27}
}

@misc{openai2024chatgpt4,
  title={ChatGPT (4) [Large language model]},
  author={{OpenAI}},
  year={2024},
  howpublished={\url{https://chat.openai.com}}
}

@misc{nvidia2024venturecapital,
  auther={NVIDIA},
  title={NVIDIA for Startups: Venture Capital},
  year={2024},
  howpublished={\url{https://www.nvidia.com/en-gb/startups/venture-capital/}},
  note={Accessed: 2024-03-27}
}

@misc{nvidia2024bloginvestments,
  auther={NVIDIA},
  title={NVIDIA Investments},
  year={2024},
  howpublished={\url{https://blogs.nvidia.com/blog/nvidia-investments/}},
  note={Accessed: 2024-03-27}
}

@misc{pymnts2023nvidiainvests,
  author={PYMNTS},
  title={Nvidia Invests in 35 AI Companies in 2023},
  year={2023},
  month={December},
  day={11},
  howpublished={\url{https://www.pymnts.com/artificial-intelligence-2/2023/nvidia-invests-in-35-ai-companies-in-2023/}},
  note={Accessed: 2024-03-27}
}

% NVIDIA 2023 Annual Report
@misc{nvidia_2023,
  author = {Nvidia},
  title = {2023 Annual Report},
  year = {2023},
  url = {https://s201.q4cdn.com/141608511/files/doc_financials/2023/ar/2023-Annual-Report-1.pdf}
}

% Euromines 2020 report
@misc{euromines_2020,
  author = {Euromines},
  title = {Key Value Chain Electronics Euromines},
  year = {2020},
  url = {https://euromines.org/files/key_value_chain_electronics_euromines_final.pdf}
}

% Sustainability Article
@article{latorre2020esg,
  title = {Does the ESG Index Affect Stock Return? Evidence from the Eurostoxx50},
  author = {La Torre, Mario and Mango, Fabiomassimo and Cafaro, Arturo and Leo, Sabrina},
  journal = {Sustainability},
  volume = {12},
  number = {16},
  pages = {6387},
  year = {2020},
  doi = {10.3390/su12166387},
  url = {https://doi.org/10.3390/su12166387}
}

% Journal of Business Ethics Article
@article{capelleblancard2019esg,
  title = {Every Little Helps? ESG News and Stock Market Reaction},
  author = {Capelle-Blancard, Gunther and Petit, Anastasia},
  journal = {Journal of Business Ethics},
  volume = {157},
  pages = {543--565},
  year = {2019},
  doi = {10.1007/s10551-017-3667-3},
  received = {2016-03-24},
  accepted = {2017-08-08},
  published = {2017-09-18},
  issue_date = {2019-06-30},
  url = {https://doi.org/10.1007/s10551-017-3667-3}
}

% The Journal of Portfolio Management Article
@article{giese2019foundations,
  title = {Foundations of ESG Investing: How ESG Affects Equity Valuation, Risk, and Performance},
  author = {Giese, Guido and Lee, Linda-Eling and Melas, Dimitris and Nagy, Zoltán and Nishikawa, Laura},
  journal = {The Journal of Portfolio Management},
  volume = {45},
  pages = {69--83},
  year = {2019},
  month = {06},
  doi = {10.3905/jpm.2019.45.5.069}
}

% Financial Times News Article
@misc{sevastopulo2023uschina,
  author = {Sevastopulo, Demetri and Liu, Qianer},
  title = {US-China doomsday scenario not likely to happen, says Nvidia's Jensen Huang},
  howpublished = {Financial Times},
  year = {2023},
  month = {10},
  day = {17},
  url = {https://www.ft.com/content/be680102-5543-4867-9996-6fc071cb9212}
}

% Nikkei Asian Review News Article
@misc{yu2024uschinadoomsday,
  author = {Yu, Yifan},
  title = {US-China doomsday scenario not likely to happen, says Nvidia's Jensen Huang},
  howpublished = {Nikkei Asian Review},
  year = {2024},
  month = {03},
  day = {20},
  url = {https://asia.nikkei.com/Business/Tech/Semiconductors/U.S.-China-doomsday-scenario-not-likely-to-happen-Nvidia-s-Jensen-Huang}
}

@article{Schumaker2009,
  author = {Schumaker, Robert P. and Chen, Hsinchun},
  title = {Textual analysis of stock market prediction using breaking financial news: The AZFin text system},
  journal = {ACM Transactions on Information Systems},
  volume = {27},
  number = {2},
  pages = {12},
  year = {2009},
  publisher = {Association for Computing Machinery},
  address = {New York, NY, USA},
  issn = {1046-8188},
  month = {Mar},
  doi = {10.1145/1462198.1462204},
  url = {https://doi.org/10.1145/1462198.1462204},
  keywords = {stock market, prediction, SVM}
}

@inproceedings{Shah2018,
  title = {Predicting the Effects of News Sentiments on the Stock Market},
  author = {Shah, Dev and Isah, Haruna and Zulkernine, Farhana},
  booktitle = {2018 IEEE International Conference on Big Data (Big Data)},
  pages = {4705--4708},
  year = {2018},
  organization = {IEEE},
  doi = {10.1109/BigData.2018.8621884},
  keywords = {Sentiment analysis, Dictionaries, Stock markets, Analytical models, Predictive models, Companies, Biological system modeling, dictionary comparison, financial market, news articles, sentiment analysis, stock price prediction}
}

@article{Maqbool2023,
  title = {Stock Prediction by Integrating Sentiment Scores of Financial News and MLP-Regressor: A Machine Learning Approach},
  author = {Maqbool, Junaid and Aggarwal, Preeti and Kaur, Ravreet and Mittal, Ajay and Ganaie, Ishfaq Ali},
  journal = {Procedia Computer Science},
  volume = {218},
  pages = {1067--1078},
  year = {2023},
  issn = {1877-0509},
  doi = {10.1016/j.procs.2023.01.086},
  url = {https://doi.org/10.1016/j.procs.2023.01.086}
}

@article{Wang2023,
  title = {Learning-Based Stock Trending Prediction by Incorporating Technical Indicators and Social Media Sentiment},
  author = {Wang, Z. and Hu, Z. and Li, F. and others},
  journal = {Cognitive Computation},
  volume = {15},
  pages = {1092--1102},
  year = {2023},
  publisher = {Springer},
  doi = {10.1007/s12559-023-10125-8},
  url = {https://doi.org/10.1007/s12559-023-10125-8},
  note = {Received September 15, 2022; Accepted February 9, 2023; Published March 9, 2023; Issue Date May 1, 2023}
}

@inproceedings{GloddHristova2023,
  author = {Glodd, Alexander and Hristova, Diana},
  title = {Extraction of Forward-looking Financial Information for Stock Price Prediction from Annual Reports Using NLP Techniques},
  booktitle = {Proceedings of the 56th Hawaii International Conference on System Sciences},
  year = {2023},
  date = {2023-01-03},
  pages = {10},
  url = {https://hdl.handle.net/10125/103313},
  note = {Rights: Attribution-NonCommercial-NoDerivatives 4.0 International}
}

@article{Kim2019,
  author = {Kim, C. and Wang, K. and Zhang, L.},
  title = {Readability of 10-K Reports and Stock Price Crash Risk},
  journal = {Contemporary Accounting Research},
  volume = {36},
  pages = {1184--1216},
  year = {2019},
  doi = {10.1111/1911-3846.12452},
  url = {https://doi.org/10.1111/1911-3846.12452}
}

@article{Asthana2001,
  author = {Asthana, Sharad and Balsam, Steven},
  title = {The effect of EDGAR on the market reaction to 10-K filings},
  journal = {Journal of Accounting and Public Policy},
  volume = {20},
  number = {4-5},
  pages = {349--372},
  year = {2001},
  issn = {0278-4254},
  doi = {10.1016/S0278-4254(01)00035-7},
  url = {https://doi.org/10.1016/S0278-4254(01)00035-7}
}

@article{You2009,
  author = {You, H. and Zhang, Xj},
  title = {Financial reporting complexity and investor underreaction to 10-K information},
  journal = {Review of Accounting Studies},
  volume = {14},
  pages = {559--586},
  year = {2009},
  doi = {10.1007/s11142-008-9083-2},
  url = {https://doi.org/10.1007/s11142-008-9083-2}
}

@techreport{Blomme2020,
  author = {Blomme, Sander and Dedeyne, Julie},
  title = {Predicting the effect of 10-K, 10-Q and 8-K company reports on abnormal stock returns using FinBERT NLP methods},
  year = {2020},
  institution = {University of Ghent},
  url = {https://libstore.ugent.be/fulltxt/RUG01/002/837/812/RUG01-002837812_2020_0001_AC.pdf}
}

@misc{SEC2024,
  author = {{United States Securities and Exchange Commission}},
  title = {FORM 10-K},
  year = {2024},
  url = {https://www.sec.gov/files/form10-k.pdf}
}

@techreport{Jønsson2020,
  author = {Jønsson, Kasper Regenburg and Jako, Jonas Burup},
  title = {Predicting Stock Performance Using 10-K Filings: A Natural Language Processing Approach Employing Convolutional Neural Networks},
  institution = {Copenhagen Business School},
  year = {2020}
}

@article{economist2020,
    title = {America’s War on Huawei Nears Its Endgame},
    author = {{The Economist}},
    year = {2020},
    month = {July},
    day = {16},
    url = {https://www.economist.com/briefing/2020/07/16/americas-war-on-huawei-nears-its-endgame},
    journal = {The Economist}
}

@article{tingfang2021,
    title = {US-China Tech War: Beijing’s Secret Chipmaking Champions},
    author = {Ting-Fang, C. and Li, L.},
    year = {2021},
    month = {May},
    day = {5},
    url = {https://asia.nikkei.com/Spotlight/The-Big-Story/US-China-tech-war-Beijing-s-secret-chipmaking-champions},
    journal = {Nikkei Asia}
}

@book{lewis2019,
    title = {Learning the superior techniques of the barbarians China’s pursuit of semiconductor independence},
    author = {Lewis, J.},
    year = {2019},
    publisher = {CSIS},
    address = {Washington}
}

@article{wu2021,
    title = {Chip Shortage Set to Worsen as Covid Rampages Through Malaysia},
    author = {Wu, D. and Lee, Y. and Ngui, Y.},
    year = {2021},
    month = {August},
    day = {23},
    url = {https://www.bloomberg.com/news/articles/2021-08-23/chip-shortage-set-to-worsen-as-covid-rampages-through-malaysia?sref=TtblOutP},
    journal = {Bloomberg}
}

@inproceedings{Smailovic2013,
    author = {J. Smailović and M. Grčar and N. Lavrač and M. Žnidaršič},
    title = {Predictive sentiment analysis of tweets: A stock market application},
    booktitle = {Proc. Int. Workshop Hum.-Comput. Interact. Knowl. Discovery Complex Unstructured Big Data},
    pages = {77--88},
    year = {2013}
}

@article{Ren2019,
    author = {R. Ren and D. D. Wu and T. Liu},
    title = {Forecasting stock market movement direction using sentiment analysis and support vector machine},
    journal = {IEEE Systems Journal},
    volume = {13},
    number = {1},
    pages = {760--770},
    month = {Mar},
    year = {2019}
}

@article{Jegadeesh2013,
    author = {Narasimhan Jegadeesh and Di Wu},
    title = {Word power: A new approach for content analysis},
    journal = {Journal of Financial Economics},
    volume = {110},
    pages = {712--729},
    year = {2013}
}

@article{Kearney2014,
    author = {Colm Kearney and Sha Liu},
    title = {Textual sentiment in finance: A survey of methods and models},
    journal = {International Review of Financial Analysis},
    volume = {33},
    pages = {171--185},
    year = {2014},
    issn = {1057-5219},
    doi = {https://doi.org/10.1016/j.irfa.2014.02.006}
}

@article{Zhou2020,
    author = {Y. Guo and L. Zhou},
    title = {Textual tone in corporate financial disclosures: a survey of the literature},
    journal = {International Journal of Disclosure and Governance},
    volume = {17},
    pages = {101--110},
    year = {2020},
    doi = {https://doi.org/10.1057/s41310-020-00077-y},
    note = {Received October 25, 2019; Published June 27, 2020; Issue Date September 1, 2020}
}

@article{Che2020,
    author = {S. Che and others},
    title = {Anticipating Corporate Financial Performance from CEO Letters Utilizing Sentiment Analysis},
    journal = {Mathematical Problems in Engineering},
    volume = {2020},
    article = {5609272},
    year = {2020}
}


@article{Li2010,
    author = {F. LI},
    title = {The Information Content of Forward-Looking Statements in Corporate Filings—A Naïve Bayesian Machine Learning Approach},
    journal = {Journal of Accounting Research},
    volume = {48},
    number = {5},
    pages = {1049--1102},
    year = {2010},
    doi = {https://doi.org/10.1111/j.1475-679X.2010.00382.x}
}

@inproceedings{inproceedings,
author = {Wang, Gang and Wang, Tianyi and Wang, Bolun and Sambasivan, Divya and Zhang, Zengbin and Zheng, Haitao and Zhao, Ben and Barbara, Santa},
year = {2015},
month = {03},
pages = {},
title = {Crowds on Wall Street: Extracting Value from Collaborative Investing Platforms}
}

@article{Huang2014,
    author = {Allen H. Huang and Amy Zang and Rong Zheng},
    title = {Evidence on the Information Content of Text in Analyst Reports},
    journal = {Accounting Review},
    note = {Forthcoming},
    year = {2014},
    month = {April},
    url = {https://ssrn.com/abstract=1888724},
    doi = {10.2139/ssrn.1888724}
}

@article{Li2010,
    author = {F. LI},
    title = {The Information Content of Forward-Looking Statements in Corporate Filings—A Naïve Bayesian Machine Learning Approach},
    journal = {Journal of Accounting Research},
    volume = {48},
    pages = {1049--1102},
    year = {2010},
    doi = {10.1111/j.1475-679X.2010.00382.x}
}

@article{Li2009,
    author = {Nan Li and Xun Liang and Xinli Li and Chao Wang and Desheng Dash Wu},
    title = {Network Environment and Financial Risk Using Machine Learning and Sentiment Analysis},
    journal = {Human and Ecological Risk Assessment: An International Journal},
    volume = {15},
    number = {2},
    pages = {227--252},
    year = {2009},
    doi = {10.1080/10807030902761056}
}

@article{Costola2023,
    author = {Michele Costola and Oliver Hinz and Michael Nofer and Loriana Pelizzon},
    title = {Machine learning sentiment analysis, COVID-19 news and stock market reactions},
    journal = {Research in International Business and Finance},
    volume = {64},
    year = {2023},
    pages = {101881},
    issn = {0275-5319},
    url = {https://www.sciencedirect.com/science/article/pii/S0275531923000077},
    doi = {10.1016/j.ribaf.2023.101881}
}

@inproceedings{Shuhidan2018,
    author = {S.M. Shuhidan and S.R. Hamidi and S. Kazemian and S.M. Shuhidan and M.A. Ismail},
    title = {Sentiment Analysis for Financial News Headlines using Machine Learning Algorithm},
    booktitle = {Proceedings of the 7th International Conference on Kansei Engineering and Emotion Research 2018. KEER 2018. Advances in Intelligent Systems and Computing},
    volume = {739},
    year = {2018},
    publisher = {Springer},
    address = {Singapore},
    doi = {10.1007/978-981-10-8612-0_8}
}


@article{Sohangir2018,
    author = {S. Sohangir and D. Wang and A. Pomeranets and others},
    title = {Big Data: Deep Learning for financial sentiment analysis},
    journal = {Journal of Big Data},
    volume = {5},
    number = {3},
    year = {2018},
    doi = {10.1186/s40537-017-0111-6}
}

@article{Zhang2018,
    author = {L. Zhang and S. Wang and B. Liu},
    title = {Deep learning for sentiment analysis: A survey},
    journal = {WIREs Data Mining and Knowledge Discovery},
    volume = {8},
    number = {e1253},
    year = {2018},
    doi = {10.1002/widm.1253}
}

@misc{IBMDeepLearning,
    author = {{IBM}},
    title = {Deep Learning},
    howpublished = {\url{https://www.ibm.com/topics/deep-learning}},
    note = {Accessed: 2024-04-01}
}

@article{Dobson2023,
    author = {J.E. Dobson},
    title = {On reading and interpreting black box deep neural networks},
    journal = {International Journal of Digital Humanities},
    volume = {5},
    pages = {431--449},
    year = {2023},
    doi = {10.1007/s42803-023-00075-w}
}

@article{Rizinski2024,
    author = {M. Rizinski and H. Peshov and K. Mishev and M. Jovanovik and D. Trajanov},
    title = {Sentiment Analysis in Finance: From Transformers Back to eXplainable Lexicons (XLex)},
    journal = {IEEE Access},
    volume = {12},
    pages = {7170--7198},
    year = {2024},
    doi = {10.1109/ACCESS.2024.3349970}
}

@article{Mishev2020,
    author = {K. Mishev and A. Gjorgjevikj and I. Vodenska and L.T. Chitkushev and D. Trajanov},
    title = {Evaluation of Sentiment Analysis in Finance: From Lexicons to Transformers},
    journal = {IEEE Access},
    volume = {8},
    pages = {131662--131682},
    year = {2020},
    doi = {10.1109/ACCESS.2020.3009626}
}

@inproceedings{Tang2015,
    author = {D. Tang and B. Qin and T. Liu},
    title = {Document modeling with gated recurrent neural network for sentiment classification},
    booktitle = {Proceedings of the Conference on Empirical Methods in Natural Language Processing},
    pages = {1422--1432},
    year = {2015}
}

@misc{Tai2015,
    author = {K. Sheng Tai and R. Socher and C.D. Manning},
    title = {Improved semantic representations from tree-structured long short-term memory networks},
    year = {2015},
    howpublished = {\url{http://arxiv.org/abs/1503.00075}}
}

@misc{Kim2014,
    author = {Y. Kim},
    title = {Convolutional neural networks for sentence classification},
    year = {2014},
    howpublished = {\url{http://arxiv.org/abs/1408.5882}}
}

@inproceedings{Zhang2015,
    author = {X. Zhang and J. Zhao and Y. LeCun},
    title = {Character-level convolutional networks for text classification},
    booktitle = {Proceedings of the Advances in Neural Information Processing Systems},
    pages = {649--657},
    year = {2015}
}

@inproceedings{Johnson2017,
    author = {R. Johnson and T. Zhang},
    title = {Deep pyramid convolutional neural networks for text categorization},
    booktitle = {Proceedings of the 55th Annual Meeting of the Association for Computational Linguistics (Long Papers)},
    volume = {1},
    pages = {562--570},
    year = {2017}
}

@inproceedings{Yang2016,
    author = {Z. Yang and D. Yang and C. Dyer and X. He and A. Smola and E. Hovy},
    title = {Hierarchical attention networks for document classification},
    booktitle = {Proceedings of the Conference of the North American Chapter of the Association for Computational Linguistics: Human Language Technologies},
    pages = {1480--1489},
    year = {2016}
}

@article{Sohangir2018,
    author = {S. Sohangir and D. Wang and A. Pomeranets and T.M. Khoshgoftaar},
    title = {Big data: Deep learning for financial sentiment analysis},
    journal = {Journal of Big Data},
    volume = {5},
    number = {1},
    pages = {3},
    year = {2018},
    month = {Dec},
    doi = {10.1186/s40537-017-0111-6}
}

@article{Tetlock2007,
  title={Giving content to investor sentiment: The role of media in the stock market},
  author={Tetlock, P.C.},
  journal={Journal of Finance},
  volume={62},
  pages={1139--1168},
  year={2007}
}

@inproceedings{Engelberg2008,
  title={Costly information processing: Evidence from information announcements},
  author={Engelberg, J.},
  booktitle={AFA 2009 San Francisco Meetings Paper},
  year={2008},
  note={Available at SSRN: \url{http://ssrn.com/abstract=1107998}}
}

@article{Engelberg2012,
  title={How are shorts informed? Short sellers, news, and information processing},
  author={Engelberg, J. and Reed, A.V. and Ringgenber, M.C.},
  journal={Journal of Financial Economics},
  volume={105},
  number={2},
  pages={260--278},
  year={2012}
}

@article{Ferris2013,
  title={The effect of issuer conservatism on IPO pricing and performance},
  author={Ferris, S.P. and Hao, G.Q. and Liao, M.},
  journal={Review of Finance},
  volume={7},
  number={3},
  pages={993--1027},
  year={2013}
}

@misc{Henry2009,
  title={Measuring Qualitative Information in Capital Markets Research},
  author={Henry, Elaine and Leone, Andrew J.},
  year={2009},
  month={April},
  note={Available at SSRN: \url{https://ssrn.com/abstract=1470807} or \url{http://dx.doi.org/10.2139/ssrn.1470807}}
}

@misc{Davis2014,
  title={The Effect of Manager-Specific Optimism on the Tone of Earnings Conference Calls},
  author={Davis, Angela K. and Ge, Weili and Matsumoto, Dawn and Zhang, Jenny Li},
  year={2014},
  month={January 13},
  note={CAAA Annual Conference 2012, Available at SSRN: \url{https://ssrn.com/abstract=1982259} or \url{http://dx.doi.org/10.2139/ssrn.1982259}}
}

@article{Doran2010,
  title={Earnings conference call content and stock price: The case of REITs},
  author={Doran, J.S. and Peterson, D.R. and Price, S.M.},
  journal={Journal of Real Estate Finance and Economics},
  volume={45},
  number={2},
  pages={402--434},
  year={2010}
}

@misc{Huang2013,
  title={Tone Management},
  author={Huang, Xuan and Teoh, Siew Hong and Zhang, Yinglei},
  year={2013},
  month={August 21},
  note={The Accounting Review, Forthcoming, Available at SSRN: \url{https://ssrn.com/abstract=1960376} or \url{http://dx.doi.org/10.2139/ssrn.1960376}}
}

@misc{Ferguson2015,
  title={Media Content and Stock Returns: The Predictive Power of Press},
  author={Ferguson, Nicky J. and Philip, Dennis and Lam, Herbert and Guo, Jie Michael},
  year={2015},
  month={May 27},
  journal={Multinational Finance Journal},
  volume={19},
  number={1},
  pages={1--31},
  note={Available at SSRN: \url{https://ssrn.com/abstract=2611046}}
}

@article{Chen2013,
  title={Wisdom of Crowds: The Value of Stock Opinions Transmitted Through Social Media},
  author={Chen, Hailiang and De, Prabuddha and Hu, Yu Jeffrey and Hwang, Byoung-Hyoun},
  journal={Review of Financial Studies (RFS)},
  year={Forthcoming},
  note={Available at SSRN: \url{https://ssrn.com/abstract=1807265} or \url{http://dx.doi.org/10.2139/ssrn.1807265}}
}

@article{Loughran2013,
  title={IPO first-day returns, offer price revisions, volatility, and form S-1 language},
  author={Loughran, Tim and McDonald, Bill},
  journal={Journal of Financial Economics},
  volume={109},
  issue={2},
  pages={307--326},
  year={2013},
  issn={0304-405X},
  doi={https://doi.org/10.1016/j.jfineco.2013.02.017},
  url={https://www.sciencedirect.com/science/article/pii/S0304405X13000603}
}

@article{Majeed2019,
author = {Majeed, Muhammad and Mazhar, Maria},
year = {2019},
month = {03},
pages = {180-208},
title = {Environmental Degradation and Output Volatility: A Global Perspective},
volume = {13},
journal = {Pakistan Journal of Commerce and Social Science}
}

@article{Majeed2021,
  author  = {Majeed, M.T. and Mazhar, M. and Sabir, S.},
  title   = {Environmental quality and output volatility: the case of South Asian economies},
  journal = {Environmental Science and Pollution Research},
  volume  = {28},
  pages   = {31276--31288},
  year    = {2021},
  doi     = {10.1007/s11356-021-12659-6},
  url     = {https://doi.org/10.1007/s11356-021-12659-6}
}

@article{Mazzucato2012,
  title={R\&D, patents and stock return volatility},
  author={Mazzucato, M. and Tancioni, M.},
  journal={J Evol Econ},
  volume={22},
  pages={811--832},
  year={2012},
  publisher={Springer},
  doi={10.1007/s00191-012-0289-x},
  url={https://doi.org/10.1007/s00191-012-0289-x}
}

@article{Gharbi2014,
  title={R\&D investments and high-tech firms' stock return volatility},
  author={Gharbi, Sami and Sahut, Jean-Michel and Teulon, Frédéric},
  journal={Technological Forecasting and Social Change},
  volume={88},
  pages={306--312},
  year={2014},
  issn={0040-1625},
  publisher={Elsevier},
  doi={10.1016/j.techfore.2013.10.006},
  url={https://www.sciencedirect.com/science/article/pii/S0040162513002643}
}

@article{Hai2020,
  title={R\&D volatility and market value: the role of executive overconfidence},
  author={Hai, B. and Gao, Q. and Yin, X. and Chen, J.},
  journal={Chinese Management Studies},
  volume={14},
  number={2},
  pages={411--431},
  year={2020},
  publisher={Emerald},
  doi={10.1108/CMS-05-2019-0170},
  url={https://doi.org/10.1108/CMS-05-2019-0170}
}

@misc{Brinkman2022,
  title={Infrastructure investing will never be the same},
  author={Brinkman, Marcel and Sarma, Vijay},
  year={2022},
  month={8},
  day={1},
  howpublished={McKinsey \& Company},
  note={Article}
}

@misc{BlancBrude2022,
  title={Infrastructure Strategy 2022: A Pivot to the Digital Frontier},
  author={Blanc-Brude, Frédéric and Schmundt, Wilhelm and Bumberger, Thomas and Friedrich, Roman and Georgii, Bernhard and Gupta, Abhishek and Lum, Leonard and Wilms, Maikel},
  year={2022},
  month={3},
  day={23},
  howpublished={Boston Consulting Group},
  note={Article}
}

@misc{Gunnion2021,
  title={Infrastructure investment: An economist’s view from the ground up},
  author={Gunnion, Lester},
  year={2021},
  month={7},
  journal={Economics Spotlight},
  publisher={Deloitte},
  note={Article}
}
